<record><leader>00000cas a2200000 a 4500</leader><controlfield tag="001">607549062</controlfield><controlfield tag="006">m     o  d        </controlfield><controlfield tag="007">cr |||||||||||</controlfield><controlfield tag="008">100416d19071912gaudn nso     |    0eng c</controlfield><datafield ind1=" " ind2=" " tag="010"><subfield code="a">  2010233020</subfield></datafield><datafield ind1=" " ind2=" " tag="040"><subfield code="a">GUA</subfield><subfield code="b">eng</subfield><subfield code="c">GUA</subfield><subfield code="d">OCLCQ</subfield><subfield code="d">OCLCF</subfield><subfield code="d">OCLCO</subfield></datafield><datafield ind1=" " ind2=" " tag="042"><subfield code="a">pcc</subfield></datafield><datafield ind1=" " ind2=" " tag="043"><subfield code="a">n-us-ga</subfield></datafield><datafield ind1="1" ind2="4" tag="050"><subfield code="a">AN13.A82</subfield></datafield><datafield ind1="0" ind2="0" tag="245"><subfield code="a">Atlanta Georgian and news</subfield><subfield code="h">[electronic resource].</subfield></datafield><datafield ind1=" " ind2=" " tag="260"><subfield code="a">[Atlanta, Ga. :</subfield><subfield code="b">F.L. Seely,</subfield><subfield code="c">1907-1912]</subfield></datafield><datafield ind1=" " ind2=" " tag="310"><subfield code="a">Daily (except Sun.)</subfield></datafield><datafield ind1="1" ind2=" " tag="362"><subfield code="a">Began with v. 5, no. 1407 (Feb. 2, 1907); ceased with v. 10, no. 217 (Apr. 12, 1912).</subfield></datafield><datafield ind1=" " ind2=" " tag="500"><subfield code="a">Published in several editions.</subfield></datafield><datafield ind1=" " ind2=" " tag="580"><subfield code="a">Formed by the union of: Atlanta Georgian (Atlanta, Ga. : 1906 : Online), and: Atlanta evening news.</subfield></datafield><datafield ind1=" " ind2=" " tag="588"><subfield code="a">Description based on: Vol. 5, no. 1407 (Feb. 2, 1907); title from pdf image of caption (Georgia Historical Newspapers, viewed Apr. 8, 2010).</subfield></datafield><datafield ind1=" " ind2=" " tag="588"><subfield code="a">Latest issue consulted: Vol. 10, no. 129 (Dec. 30, 1911), viewed Apr. 8, 2010.</subfield></datafield><datafield ind1=" " ind2="0" tag="651"><subfield code="a">Atlanta (Ga.)</subfield><subfield code="v">Newspapers.</subfield></datafield><datafield ind1=" " ind2="0" tag="651"><subfield code="a">Fulton County (Ga.)</subfield><subfield code="v">Newspapers.</subfield></datafield><datafield ind1=" " ind2="7" tag="655"><subfield code="a">Newspapers.</subfield><subfield code="2">fast</subfield><subfield code="0">(OCoLC)fst01423814</subfield></datafield><datafield ind1=" " ind2="7" tag="651"><subfield code="a">Georgia</subfield><subfield code="z">Atlanta.</subfield><subfield code="2">fast</subfield><subfield code="0">(OCoLC)fst01204627</subfield></datafield><datafield ind1=" " ind2="7" tag="651"><subfield code="a">Georgia</subfield><subfield code="z">Fulton County.</subfield><subfield code="2">fast</subfield><subfield code="0">(OCoLC)fst01211153</subfield></datafield><datafield ind1=" " ind2=" " tag="752"><subfield code="a">United States</subfield><subfield code="b">Georgia</subfield><subfield code="c">Fulton</subfield><subfield code="d">Atlanta.</subfield></datafield><datafield ind1="0" ind2="8" tag="776"><subfield code="i">Print version:</subfield><subfield code="t">Atlanta Georgian and news</subfield><subfield code="w">(DLC)sn 89053728</subfield><subfield code="w">(OCoLC)20082387</subfield></datafield><datafield ind1="1" ind2="4" tag="780"><subfield code="t">Atlanta Georgian (Atlanta, Ga. : 1906)</subfield><subfield code="w">(DLC)  2010233025</subfield><subfield code="w">(OCoLC)607547600</subfield></datafield><datafield ind1="1" ind2="4" tag="780"><subfield code="t">Atlanta evening news</subfield></datafield><datafield ind1="0" ind2="0" tag="785"><subfield code="t">Atlanta Georgian (Atlanta, Ga. : 1912)</subfield></datafield><datafield ind1="4" ind2="0" tag="856"><subfield code="z">Issues listed under title: Atlanta Georgian</subfield><subfield code="u">http://atlnewspapers.galileo.usg.edu/atlnewspapers/search?sort=year&amp;title=Georgian&amp;source.page=1</subfield></datafield></record>